@book {Georgii11,
    AUTHOR = {Georgii, Hans-Otto},
     TITLE = {Gibbs measures and phase transitions},
    SERIES = {De Gruyter Studies in Mathematics},
    VOLUME = {9},
   EDITION = {Second},
 PUBLISHER = {Walter de Gruyter \& Co., Berlin},
      YEAR = {2011},
     PAGES = {xiv+545},
      ISBN = {978-3-11-025029-9},
   MRCLASS = {82B26 (60K35)},
  MRNUMBER = {2807681},
       DOI = {10.1515/9783110250329},
       URL = {http://dx.doi.org.ezproxy.library.ubc.ca/10.1515/9783110250329},
}